<?xml version="1.0" encoding="UTF-8"?><record xmlns="http://www.loc.gov/MARC21/slim" xmlns:cinclude="http://apache.org/cocoon/include/1.0" xmlns:zs="http://www.loc.gov/zing/srw/">
  <leader>00475cz  a2200133n  4500</leader>
  <controlfield tag="001">n 2006222309</controlfield>
  <controlfield tag="003">DLC</controlfield>
  <controlfield tag="005">20090528075142.0</controlfield>
  <controlfield tag="008">070328n| acannaabn          |a aaa      </controlfield>
  <datafield tag="010" ind1=" " ind2=" ">
    <subfield code="a">n 2006222309</subfield>
  </datafield>
  <datafield tag="040" ind1=" " ind2=" ">
    <subfield code="a">DLC</subfield>
    <subfield code="b">eng</subfield>
    <subfield code="c">DLC</subfield>
    <subfield code="d">DLC</subfield>
  </datafield>
  <datafield tag="100" ind1="1" ind2=" ">
    <subfield code="a">Trần, Duy Ngoãn,</subfield>
    <subfield code="d">1953-</subfield>
  </datafield>
  <datafield tag="400" ind1="0" ind2=" ">
    <subfield code="a">Trần Duy Ngoãn,</subfield>
    <subfield code="d">1953-</subfield>
  </datafield>
  <datafield tag="670" ind1=" " ind2=" ">
    <subfield code="a">Những khoảnh khắc, 2005:</subfield>
    <subfield code="b">t.p. (Trần Duy Ngoãn) p. 2 (Nhà báo Trần Duy Ngoãn; b. 1953 in Cát Văn Thanh Chương, Nghệ An)</subfield>
  </datafield>
</record>